@article{wirth2008technique,
	title={A technique for regional analysis of femorotibial cartilage thickness based on quantitative magnetic resonance imaging},
	author={Wirth, Wolfgang and Eckstein, Felix},
	journal={IEEE transactions on medical imaging},
	volume={27},
	number={6},
	pages={737--744},
	year={2008},
	publisher={IEEE}
}

@misc{surfacenormals,
	author = {Chetvorno},
	title = {Normal vectors on a curved surface},
	year = "2019",
	howpublished = "\url{https://en.wikipedia.org/wiki/File:Normal_vectors_on_a_curved_surface.svg}",
	note = "[Online, accessed 14-November-2021]"
}

@misc{enwiki:delaunay,
	author = "{Wikipedia contributors}",
	title = "Delaunay triangulation --- {Wikipedia}{,} The Free Encyclopedia",
	year = "2021",
	howpublished = "\url{https://en.wikipedia.org/w/index.php?title=Delaunay_triangulation&oldid=1044718653}",
	note = "[Online; accessed 14-November-2021]"
}

  @misc{enwiki:normal,
	author = "{Wikipedia contributors}",
	title = "Normal (geometry) --- {Wikipedia}{,} The Free Encyclopedia",
	year = "2021",
	howpublished = "\url{https://en.wikipedia.org/w/index.php?title=Normal_(geometry)&oldid=1054386602}",
	note = "[Online; accessed 15-November-2021]"
}